<record><leader>00000cas a22000007a 4500</leader><controlfield tag="001">12222157</controlfield><controlfield tag="008">850701d19271934wiuwr ne      0    0eng d</controlfield><datafield ind1=" " ind2=" " tag="010"><subfield code="a">sn 85040836 </subfield></datafield><datafield ind1=" " ind2=" " tag="040"><subfield code="a">NPV</subfield><subfield code="b">eng</subfield><subfield code="c">NPV</subfield><subfield code="d">OCLCQ</subfield></datafield><datafield ind1=" " ind2=" " tag="042"><subfield code="a">msc</subfield></datafield><datafield ind1=" " ind2=" " tag="045"><subfield code="a">x2x3</subfield></datafield><datafield ind1=" " ind2=" " tag="052"><subfield code="a">4123</subfield><subfield code="b">C5</subfield></datafield><datafield ind1="0" ind2="0" tag="245"><subfield code="a">Withee journal.</subfield></datafield><datafield ind1=" " ind2=" " tag="260"><subfield code="a">Withee, Clark County, Wis. :</subfield><subfield code="b">Sentinel Pub., .,</subfield><subfield code="c">1927-</subfield></datafield><datafield ind1=" " ind2=" " tag="300"><subfield code="a">v.</subfield></datafield><datafield ind1=" " ind2=" " tag="310"><subfield code="a">Weekly</subfield></datafield><datafield ind1="0" ind2=" " tag="362"><subfield code="a">Vol. 25, no. 18 (Aug. 18, 1927)-</subfield></datafield><datafield ind1="1" ind2=" " tag="362"><subfield code="a">Ceased in Mar., 1934.</subfield><subfield code="z">Cf. Oehlerts, d. Guide to Wis. newspapers.</subfield></datafield><datafield ind1=" " ind2=" " tag="500"><subfield code="a">Publisher varies.</subfield></datafield><datafield ind1=" " ind2=" " tag="752"><subfield code="a">United States</subfield><subfield code="b">Wisconsin</subfield><subfield code="c">Clark</subfield><subfield code="d">Withee.</subfield></datafield><datafield ind1="0" ind2="0" tag="780"><subfield code="t">Clark County journal</subfield><subfield code="w">(DLC)sn 85040835</subfield></datafield></record>